@manual{efstechdesign,
    address  = {Brussels},
    title   = {ERTMSFormalSpec Workbench Technical design},
    year    = {2013},
    organization = {ERTMS Solutions}
 }
 
@manual{efsuserguide,
	address  = {Brussels},
    title   = {ERTMSFormalSpec Workbench User Guide},
    year    = {2013},
    organization = {ERTMS Solutions}
 }
 
@misc{subset26,
    author = {{European Railway Agency}},
    title = {System Requirements Specification (subset-026)},
    year = {2013},
    howpublished = "\url{http://www.era.europa.eu/Document-Register/Pages/New-Annex-A-for-ETCS-Baseline-3-and-GSM-R-Baseline-0.aspx}",
    note = "[Online; accessed 14/12/2013]"
 }
    